%YAML 1.1
%TAG !u! tag:unity3d.com,2011:
--- !u!1 &8274160141848892139
GameObject:
  m_ObjectHideFlags: 0
  m_CorrespondingSourceObject: {fileID: 0}
  m_PrefabInstance: {fileID: 0}
  m_PrefabAsset: {fileID: 0}
  serializedVersion: 6
  m_Component:
  - component: {fileID: 4899339353244305223}
  m_Layer: 0
  m_Name: Spaceship rotation path
  m_TagString: Untagged
  m_Icon: {fileID: 0}
  m_NavMeshLayer: 0
  m_StaticEditorFlags: 0
  m_IsActive: 1
--- !u!4 &4899339353244305223
Transform:
  m_ObjectHideFlags: 0
  m_CorrespondingSourceObject: {fileID: 0}
  m_PrefabInstance: {fileID: 0}
  m_PrefabAsset: {fileID: 0}
  m_GameObject: {fileID: 8274160141848892139}
  m_LocalRotation: {x: 0, y: 0, z: 0, w: 1}
  m_LocalPosition: {x: -1.1923047, y: 5.214096, z: 5.2597647}
  m_LocalScale: {x: 1, y: 1, z: 1}
  m_Children:
  - {fileID: 1462319553199541267}
  - {fileID: 2389722407070258166}
  m_Father: {fileID: 0}
  m_RootOrder: 0
  m_LocalEulerAnglesHint: {x: 0, y: 0, z: 0}
--- !u!1 &8629689976323558230
GameObject:
  m_ObjectHideFlags: 0
  m_CorrespondingSourceObject: {fileID: 0}
  m_PrefabInstance: {fileID: 0}
  m_PrefabAsset: {fileID: 0}
  serializedVersion: 6
  m_Component:
  - component: {fileID: 1462319553199541267}
  - component: {fileID: 3258623055958070253}
  m_Layer: 0
  m_Name: Rotation path
  m_TagString: Untagged
  m_Icon: {fileID: 0}
  m_NavMeshLayer: 0
  m_StaticEditorFlags: 0
  m_IsActive: 1
--- !u!4 &1462319553199541267
Transform:
  m_ObjectHideFlags: 0
  m_CorrespondingSourceObject: {fileID: 0}
  m_PrefabInstance: {fileID: 0}
  m_PrefabAsset: {fileID: 0}
  m_GameObject: {fileID: 8629689976323558230}
  m_LocalRotation: {x: 0, y: 0, z: 0, w: 1}
  m_LocalPosition: {x: 0, y: 0, z: 0}
  m_LocalScale: {x: 1, y: 1, z: 1}
  m_Children: []
  m_Father: {fileID: 4899339353244305223}
  m_RootOrder: 0
  m_LocalEulerAnglesHint: {x: 0, y: 0, z: 0}
--- !u!114 &3258623055958070253
MonoBehaviour:
  m_ObjectHideFlags: 0
  m_CorrespondingSourceObject: {fileID: 0}
  m_PrefabInstance: {fileID: 0}
  m_PrefabAsset: {fileID: 0}
  m_GameObject: {fileID: 8629689976323558230}
  m_Enabled: 1
  m_EditorHideFlags: 0
  m_Script: {fileID: 11500000, guid: a200b19ca1a9685429ed7e043c28e904, type: 3}
  m_Name: 
  m_EditorClassIdentifier: 
  m_Resolution: 16
  m_Appearance:
    pathColor: {r: 0, g: 1, b: 0, a: 1}
    inactivePathColor: {r: 0.5, g: 0.5, b: 0.5, a: 1}
    width: 1
  m_Looped: 1
  m_Waypoints:
  - position: {x: 0, y: 0, z: -20}
    roll: 0
  - position: {x: 0, y: 20, z: 0}
    roll: 0
  - position: {x: 0, y: 0, z: 20}
    roll: 0
  - position: {x: 0, y: -20, z: 0}
    roll: 0
--- !u!1001 &5759861482796988671
PrefabInstance:
  m_ObjectHideFlags: 0
  serializedVersion: 2
  m_Modification:
    m_TransformParent: {fileID: 4899339353244305223}
    m_Modifications:
    - target: {fileID: 539805376199336861, guid: d784574eacdd56040842c50a2c5d7f24, type: 3}
      propertyPath: m_LocalPosition.x
      value: -2.7101455
      objectReference: {fileID: 0}
    - target: {fileID: 539805376199336861, guid: d784574eacdd56040842c50a2c5d7f24, type: 3}
      propertyPath: m_LocalPosition.y
      value: -1.1169372
      objectReference: {fileID: 0}
    - target: {fileID: 539805376199336861, guid: d784574eacdd56040842c50a2c5d7f24, type: 3}
      propertyPath: m_LocalPosition.z
      value: 2.990208
      objectReference: {fileID: 0}
    - target: {fileID: 539805376199336861, guid: d784574eacdd56040842c50a2c5d7f24, type: 3}
      propertyPath: m_LocalRotation.w
      value: 0.7071068
      objectReference: {fileID: 0}
    - target: {fileID: 539805376199336861, guid: d784574eacdd56040842c50a2c5d7f24, type: 3}
      propertyPath: m_LocalRotation.x
      value: 0
      objectReference: {fileID: 0}
    - target: {fileID: 539805376199336861, guid: d784574eacdd56040842c50a2c5d7f24, type: 3}
      propertyPath: m_LocalRotation.y
      value: 0.7071068
      objectReference: {fileID: 0}
    - target: {fileID: 539805376199336861, guid: d784574eacdd56040842c50a2c5d7f24, type: 3}
      propertyPath: m_LocalRotation.z
      value: 0
      objectReference: {fileID: 0}
    - target: {fileID: 539805376199336861, guid: d784574eacdd56040842c50a2c5d7f24, type: 3}
      propertyPath: m_LocalEulerAnglesHint.x
      value: 0
      objectReference: {fileID: 0}
    - target: {fileID: 539805376199336861, guid: d784574eacdd56040842c50a2c5d7f24, type: 3}
      propertyPath: m_LocalEulerAnglesHint.y
      value: 90
      objectReference: {fileID: 0}
    - target: {fileID: 539805376199336861, guid: d784574eacdd56040842c50a2c5d7f24, type: 3}
      propertyPath: m_LocalEulerAnglesHint.z
      value: 0
      objectReference: {fileID: 0}
    - target: {fileID: 2032164954612103919, guid: d784574eacdd56040842c50a2c5d7f24, type: 3}
      propertyPath: m_LocalPosition.x
      value: -0.6059376
      objectReference: {fileID: 0}
    - target: {fileID: 2032164954612103919, guid: d784574eacdd56040842c50a2c5d7f24, type: 3}
      propertyPath: m_LocalPosition.y
      value: -1.1173096
      objectReference: {fileID: 0}
    - target: {fileID: 2032164954612103919, guid: d784574eacdd56040842c50a2c5d7f24, type: 3}
      propertyPath: m_LocalPosition.z
      value: 3.3685546
      objectReference: {fileID: 0}
    - target: {fileID: 2032164954612103919, guid: d784574eacdd56040842c50a2c5d7f24, type: 3}
      propertyPath: m_LocalRotation.w
      value: 0.7071068
      objectReference: {fileID: 0}
    - target: {fileID: 2032164954612103919, guid: d784574eacdd56040842c50a2c5d7f24, type: 3}
      propertyPath: m_LocalRotation.x
      value: 0
      objectReference: {fileID: 0}
    - target: {fileID: 2032164954612103919, guid: d784574eacdd56040842c50a2c5d7f24, type: 3}
      propertyPath: m_LocalRotation.y
      value: 0.7071068
      objectReference: {fileID: 0}
    - target: {fileID: 2032164954612103919, guid: d784574eacdd56040842c50a2c5d7f24, type: 3}
      propertyPath: m_LocalRotation.z
      value: 0
      objectReference: {fileID: 0}
    - target: {fileID: 2032164954612103919, guid: d784574eacdd56040842c50a2c5d7f24, type: 3}
      propertyPath: m_LocalEulerAnglesHint.x
      value: 0
      objectReference: {fileID: 0}
    - target: {fileID: 2032164954612103919, guid: d784574eacdd56040842c50a2c5d7f24, type: 3}
      propertyPath: m_LocalEulerAnglesHint.y
      value: 90
      objectReference: {fileID: 0}
    - target: {fileID: 2032164954612103919, guid: d784574eacdd56040842c50a2c5d7f24, type: 3}
      propertyPath: m_LocalEulerAnglesHint.z
      value: 0
      objectReference: {fileID: 0}
    - target: {fileID: 4657357588963720651, guid: d784574eacdd56040842c50a2c5d7f24, type: 3}
      propertyPath: m_Path
      value: 
      objectReference: {fileID: 3258623055958070253}
    - target: {fileID: 4657357588963720651, guid: d784574eacdd56040842c50a2c5d7f24, type: 3}
      propertyPath: m_Speed
      value: 7
      objectReference: {fileID: 0}
    - target: {fileID: 4657357588963720651, guid: d784574eacdd56040842c50a2c5d7f24, type: 3}
      propertyPath: m_UpdateMethod
      value: 0
      objectReference: {fileID: 0}
    - target: {fileID: 5238116029890743424, guid: d784574eacdd56040842c50a2c5d7f24, type: 3}
      propertyPath: m_LocalPosition.x
      value: 0.21692288
      objectReference: {fileID: 0}
    - target: {fileID: 5238116029890743424, guid: d784574eacdd56040842c50a2c5d7f24, type: 3}
      propertyPath: m_LocalPosition.y
      value: 0.52100825
      objectReference: {fileID: 0}
    - target: {fileID: 5238116029890743424, guid: d784574eacdd56040842c50a2c5d7f24, type: 3}
      propertyPath: m_LocalPosition.z
      value: -1.2063749
      objectReference: {fileID: 0}
    - target: {fileID: 5238116029890743424, guid: d784574eacdd56040842c50a2c5d7f24, type: 3}
      propertyPath: m_LocalRotation.w
      value: 0.7071068
      objectReference: {fileID: 0}
    - target: {fileID: 5238116029890743424, guid: d784574eacdd56040842c50a2c5d7f24, type: 3}
      propertyPath: m_LocalRotation.x
      value: 0
      objectReference: {fileID: 0}
    - target: {fileID: 5238116029890743424, guid: d784574eacdd56040842c50a2c5d7f24, type: 3}
      propertyPath: m_LocalRotation.y
      value: 0.7071068
      objectReference: {fileID: 0}
    - target: {fileID: 5238116029890743424, guid: d784574eacdd56040842c50a2c5d7f24, type: 3}
      propertyPath: m_LocalRotation.z
      value: 0
      objectReference: {fileID: 0}
    - target: {fileID: 5238116029890743424, guid: d784574eacdd56040842c50a2c5d7f24, type: 3}
      propertyPath: m_LocalEulerAnglesHint.x
      value: 0
      objectReference: {fileID: 0}
    - target: {fileID: 5238116029890743424, guid: d784574eacdd56040842c50a2c5d7f24, type: 3}
      propertyPath: m_LocalEulerAnglesHint.y
      value: 90
      objectReference: {fileID: 0}
    - target: {fileID: 5238116029890743424, guid: d784574eacdd56040842c50a2c5d7f24, type: 3}
      propertyPath: m_LocalEulerAnglesHint.z
      value: 0
      objectReference: {fileID: 0}
    - target: {fileID: 7317519206526169523, guid: d784574eacdd56040842c50a2c5d7f24, type: 3}
      propertyPath: m_Name
      value: Bananaship
      objectReference: {fileID: 0}
    - target: {fileID: 7982309687266077449, guid: d784574eacdd56040842c50a2c5d7f24, type: 3}
      propertyPath: m_RootOrder
      value: 1
      objectReference: {fileID: 0}
    - target: {fileID: 7982309687266077449, guid: d784574eacdd56040842c50a2c5d7f24, type: 3}
      propertyPath: m_LocalPosition.x
      value: 0
      objectReference: {fileID: 0}
    - target: {fileID: 7982309687266077449, guid: d784574eacdd56040842c50a2c5d7f24, type: 3}
      propertyPath: m_LocalPosition.y
      value: 0
      objectReference: {fileID: 0}
    - target: {fileID: 7982309687266077449, guid: d784574eacdd56040842c50a2c5d7f24, type: 3}
      propertyPath: m_LocalPosition.z
      value: -20
      objectReference: {fileID: 0}
    - target: {fileID: 7982309687266077449, guid: d784574eacdd56040842c50a2c5d7f24, type: 3}
      propertyPath: m_LocalRotation.w
      value: 0.70718145
      objectReference: {fileID: 0}
    - target: {fileID: 7982309687266077449, guid: d784574eacdd56040842c50a2c5d7f24, type: 3}
      propertyPath: m_LocalRotation.x
      value: -0.7070321
      objectReference: {fileID: 0}
    - target: {fileID: 7982309687266077449, guid: d784574eacdd56040842c50a2c5d7f24, type: 3}
      propertyPath: m_LocalRotation.y
      value: -0
      objectReference: {fileID: 0}
    - target: {fileID: 7982309687266077449, guid: d784574eacdd56040842c50a2c5d7f24, type: 3}
      propertyPath: m_LocalRotation.z
      value: -0
      objectReference: {fileID: 0}
    - target: {fileID: 7982309687266077449, guid: d784574eacdd56040842c50a2c5d7f24, type: 3}
      propertyPath: m_LocalEulerAnglesHint.x
      value: 0
      objectReference: {fileID: 0}
    - target: {fileID: 7982309687266077449, guid: d784574eacdd56040842c50a2c5d7f24, type: 3}
      propertyPath: m_LocalEulerAnglesHint.y
      value: 0
      objectReference: {fileID: 0}
    - target: {fileID: 7982309687266077449, guid: d784574eacdd56040842c50a2c5d7f24, type: 3}
      propertyPath: m_LocalEulerAnglesHint.z
      value: 0
      objectReference: {fileID: 0}
    m_RemovedComponents: []
  m_SourcePrefab: {fileID: 100100000, guid: d784574eacdd56040842c50a2c5d7f24, type: 3}
--- !u!4 &2389722407070258166 stripped
Transform:
  m_CorrespondingSourceObject: {fileID: 7982309687266077449, guid: d784574eacdd56040842c50a2c5d7f24, type: 3}
  m_PrefabInstance: {fileID: 5759861482796988671}
  m_PrefabAsset: {fileID: 0}
