%YAML 1.1
%TAG !u! tag:unity3d.com,2011:
--- !u!1 &105003497663236898
GameObject:
  m_ObjectHideFlags: 0
  m_CorrespondingSourceObject: {fileID: 0}
  m_PrefabInstance: {fileID: 0}
  m_PrefabAsset: {fileID: 0}
  serializedVersion: 6
  m_Component:
  - component: {fileID: 7891939887691167680}
  - component: {fileID: 1417931815477490997}
  - component: {fileID: 173530747787200945}
  m_Layer: 0
  m_Name: Glass
  m_TagString: Untagged
  m_Icon: {fileID: 0}
  m_NavMeshLayer: 0
  m_StaticEditorFlags: 0
  m_IsActive: 1
--- !u!4 &7891939887691167680
Transform:
  m_ObjectHideFlags: 0
  m_CorrespondingSourceObject: {fileID: 0}
  m_PrefabInstance: {fileID: 0}
  m_PrefabAsset: {fileID: 0}
  m_GameObject: {fileID: 105003497663236898}
  m_LocalRotation: {x: 0, y: -0, z: -0, w: 1}
  m_LocalPosition: {x: 0.00000011920929, y: -0.00000011920929, z: 0.30973157}
  m_LocalScale: {x: 1, y: 1, z: 1}
  m_Children: []
  m_Father: {fileID: 2443052405649592073}
  m_RootOrder: 1
  m_LocalEulerAnglesHint: {x: 0, y: 0, z: 0}
--- !u!33 &1417931815477490997
MeshFilter:
  m_ObjectHideFlags: 0
  m_CorrespondingSourceObject: {fileID: 0}
  m_PrefabInstance: {fileID: 0}
  m_PrefabAsset: {fileID: 0}
  m_GameObject: {fileID: 105003497663236898}
  m_Mesh: {fileID: -9146618070568788744, guid: fd3de601165e54144b23da15efebfba3, type: 3}
--- !u!23 &173530747787200945
MeshRenderer:
  m_ObjectHideFlags: 0
  m_CorrespondingSourceObject: {fileID: 0}
  m_PrefabInstance: {fileID: 0}
  m_PrefabAsset: {fileID: 0}
  m_GameObject: {fileID: 105003497663236898}
  m_Enabled: 1
  m_CastShadows: 1
  m_ReceiveShadows: 1
  m_DynamicOccludee: 1
  m_MotionVectors: 1
  m_LightProbeUsage: 1
  m_ReflectionProbeUsage: 1
  m_RayTracingMode: 2
  m_RayTraceProcedural: 0
  m_RenderingLayerMask: 1
  m_RendererPriority: 0
  m_Materials:
  - {fileID: 2100000, guid: 96799710efa4ec744b98f537d6b4150c, type: 2}
  m_StaticBatchInfo:
    firstSubMesh: 0
    subMeshCount: 0
  m_StaticBatchRoot: {fileID: 0}
  m_ProbeAnchor: {fileID: 0}
  m_LightProbeVolumeOverride: {fileID: 0}
  m_ScaleInLightmap: 1
  m_ReceiveGI: 1
  m_PreserveUVs: 0
  m_IgnoreNormalsForChartDetection: 0
  m_ImportantGI: 0
  m_StitchLightmapSeams: 1
  m_SelectedEditorRenderState: 3
  m_MinimumChartSize: 4
  m_AutoUVMaxDistance: 0.5
  m_AutoUVMaxAngle: 89
  m_LightmapParameters: {fileID: 0}
  m_SortingLayerID: 0
  m_SortingLayer: 0
  m_SortingOrder: 0
  m_AdditionalVertexStreams: {fileID: 0}
--- !u!1 &386780355750179815
GameObject:
  m_ObjectHideFlags: 0
  m_CorrespondingSourceObject: {fileID: 0}
  m_PrefabInstance: {fileID: 0}
  m_PrefabAsset: {fileID: 0}
  serializedVersion: 6
  m_Component:
  - component: {fileID: 2443052405649592073}
  m_Layer: 0
  m_Name: Fueltank(Clone)
  m_TagString: Untagged
  m_Icon: {fileID: 0}
  m_NavMeshLayer: 0
  m_StaticEditorFlags: 0
  m_IsActive: 1
--- !u!4 &2443052405649592073
Transform:
  m_ObjectHideFlags: 0
  m_CorrespondingSourceObject: {fileID: 0}
  m_PrefabInstance: {fileID: 0}
  m_PrefabAsset: {fileID: 0}
  m_GameObject: {fileID: 386780355750179815}
  m_LocalRotation: {x: -0.7071068, y: 0, z: 0, w: 0.7071068}
  m_LocalPosition: {x: 0, y: 0, z: 0}
  m_LocalScale: {x: 0.46556, y: 0.46556005, z: -0.22821577}
  m_Children:
  - {fileID: 7124967960315487182}
  - {fileID: 7891939887691167680}
  m_Father: {fileID: 861161005688211612}
  m_RootOrder: 0
  m_LocalEulerAnglesHint: {x: 0, y: 0, z: 0}
--- !u!54 &258752771429652484
Rigidbody:
  m_ObjectHideFlags: 0
  m_CorrespondingSourceObject: {fileID: 0}
  m_PrefabInstance: {fileID: 0}
  m_PrefabAsset: {fileID: 0}
  m_GameObject: {fileID: 7066871837997885081}
  serializedVersion: 2
  m_Mass: 1
  m_Drag: 0
  m_AngularDrag: 0.05
  m_UseGravity: 1
  m_IsKinematic: 0
  m_Interpolate: 0
  m_Constraints: 0
  m_CollisionDetection: 3
--- !u!114 &-1183683423363712142
MonoBehaviour:
  m_ObjectHideFlags: 0
  m_CorrespondingSourceObject: {fileID: 0}
  m_PrefabInstance: {fileID: 0}
  m_PrefabAsset: {fileID: 0}
  m_GameObject: {fileID: 7066871837997885081}
  m_Enabled: 1
  m_EditorHideFlags: 0
  m_Script: {fileID: 11500000, guid: 091c57d3cdca41668e74765fba40e675, type: 3}
  m_Name: 
  m_EditorClassIdentifier: 
  outlineMode: 0
  outlineColor: {r: 0.84705883, g: 0.30980393, b: 0.92156863, a: 1}
  outlineWidth: 10
  isHooked: 0
--- !u!114 &816363014488400877
MonoBehaviour:
  m_ObjectHideFlags: 0
  m_CorrespondingSourceObject: {fileID: 0}
  m_PrefabInstance: {fileID: 0}
  m_PrefabAsset: {fileID: 0}
  m_GameObject: {fileID: 7066871837997885081}
  m_Enabled: 1
  m_EditorHideFlags: 0
  m_Script: {fileID: 11500000, guid: a47bac80a21a18b4b91b990df1cb4e7a, type: 3}
  m_Name: 
  m_EditorClassIdentifier: 
--- !u!114 &2829935217841596802
MonoBehaviour:
  m_ObjectHideFlags: 0
  m_CorrespondingSourceObject: {fileID: 0}
  m_PrefabInstance: {fileID: 0}
  m_PrefabAsset: {fileID: 0}
  m_GameObject: {fileID: 7066871837997885081}
  m_Enabled: 1
  m_EditorHideFlags: 0
  m_Script: {fileID: 11500000, guid: 9a6610d2e704f1648819acc8d7460285, type: 3}
  m_Name: 
  m_EditorClassIdentifier: 
  CollisionTag: 
  Event: event:/Sound Effects/Heavy Metal
  PlayEvent: 7
  StopEvent: 0
  AllowFadeout: 1
  TriggerOnce: 0
  Preload: 0
  Params: []
  OverrideAttenuation: 0
  OverrideMinDistance: 1
  OverrideMaxDistance: 10000
--- !u!114 &3641071454945598489
MonoBehaviour:
  m_ObjectHideFlags: 0
  m_CorrespondingSourceObject: {fileID: 0}
  m_PrefabInstance: {fileID: 0}
  m_PrefabAsset: {fileID: 0}
  m_GameObject: {fileID: 7066871837997885081}
  m_Enabled: 1
  m_EditorHideFlags: 0
  m_Script: {fileID: 11500000, guid: 5e20dafe6c4b9d04bbbe4678eb1d4c11, type: 3}
  m_Name: 
  m_EditorClassIdentifier: 
--- !u!114 &3749716924863380206
MonoBehaviour:
  m_ObjectHideFlags: 0
  m_CorrespondingSourceObject: {fileID: 0}
  m_PrefabInstance: {fileID: 0}
  m_PrefabAsset: {fileID: 0}
  m_GameObject: {fileID: 7066871837997885081}
  m_Enabled: 1
  m_EditorHideFlags: 0
  m_Script: {fileID: 11500000, guid: e58356b9e2c843bbbe92d16177e92fc3, type: 3}
  m_Name: 
  m_EditorClassIdentifier: 
  replacedBy: {fileID: 4598382394804110030, guid: b88dfcc64eea3d54e87f4a8bb6316dff, type: 3}
  maxForce: 6
  radius: 50
  force: 500
--- !u!114 &4076439910131306834
MonoBehaviour:
  m_ObjectHideFlags: 0
  m_CorrespondingSourceObject: {fileID: 0}
  m_PrefabInstance: {fileID: 0}
  m_PrefabAsset: {fileID: 0}
  m_GameObject: {fileID: 7066871837997885081}
  m_Enabled: 1
  m_EditorHideFlags: 0
  m_Script: {fileID: 11500000, guid: 849b94c393b544da95504befa110fa87, type: 3}
  m_Name: 
  m_EditorClassIdentifier: 
  selfDestructTime: 20
  timeItStartsBlinking: 0
  floorLayerMask:
    serializedVersion: 2
    m_Bits: 65536
--- !u!114 &7873178575045801533
MonoBehaviour:
  m_ObjectHideFlags: 0
  m_CorrespondingSourceObject: {fileID: 0}
  m_PrefabInstance: {fileID: 0}
  m_PrefabAsset: {fileID: 0}
  m_GameObject: {fileID: 7066871837997885081}
  m_Enabled: 1
  m_EditorHideFlags: 0
  m_Script: {fileID: 11500000, guid: c59e44a271f74de4a8ab904c09908e85, type: 3}
  m_Name: 
  m_EditorClassIdentifier: 
  boxRotation: {x: -90, y: 0, z: 0}
--- !u!1 &7185071053002247703
GameObject:
  m_ObjectHideFlags: 0
  m_CorrespondingSourceObject: {fileID: 0}
  m_PrefabInstance: {fileID: 0}
  m_PrefabAsset: {fileID: 0}
  serializedVersion: 6
  m_Component:
  - component: {fileID: 7124967960315487182}
  - component: {fileID: 7045243896943166822}
  - component: {fileID: 6631689862949067799}
  m_Layer: 0
  m_Name: Container
  m_TagString: Untagged
  m_Icon: {fileID: 0}
  m_NavMeshLayer: 0
  m_StaticEditorFlags: 0
  m_IsActive: 1
--- !u!4 &7124967960315487182
Transform:
  m_ObjectHideFlags: 0
  m_CorrespondingSourceObject: {fileID: 0}
  m_PrefabInstance: {fileID: 0}
  m_PrefabAsset: {fileID: 0}
  m_GameObject: {fileID: 7185071053002247703}
  m_LocalRotation: {x: 0, y: -0, z: -0, w: 1}
  m_LocalPosition: {x: -0, y: 0, z: -0.00000086840294}
  m_LocalScale: {x: 1, y: 1, z: 1}
  m_Children: []
  m_Father: {fileID: 2443052405649592073}
  m_RootOrder: 0
  m_LocalEulerAnglesHint: {x: 0, y: 0, z: 0}
--- !u!33 &7045243896943166822
MeshFilter:
  m_ObjectHideFlags: 0
  m_CorrespondingSourceObject: {fileID: 0}
  m_PrefabInstance: {fileID: 0}
  m_PrefabAsset: {fileID: 0}
  m_GameObject: {fileID: 7185071053002247703}
  m_Mesh: {fileID: -5685363115531012651, guid: fd3de601165e54144b23da15efebfba3, type: 3}
--- !u!23 &6631689862949067799
MeshRenderer:
  m_ObjectHideFlags: 0
  m_CorrespondingSourceObject: {fileID: 0}
  m_PrefabInstance: {fileID: 0}
  m_PrefabAsset: {fileID: 0}
  m_GameObject: {fileID: 7185071053002247703}
  m_Enabled: 1
  m_CastShadows: 1
  m_ReceiveShadows: 1
  m_DynamicOccludee: 1
  m_MotionVectors: 1
  m_LightProbeUsage: 1
  m_ReflectionProbeUsage: 1
  m_RayTracingMode: 2
  m_RayTraceProcedural: 0
  m_RenderingLayerMask: 1
  m_RendererPriority: 0
  m_Materials:
  - {fileID: 2100000, guid: 96799710efa4ec744b98f537d6b4150c, type: 2}
  m_StaticBatchInfo:
    firstSubMesh: 0
    subMeshCount: 0
  m_StaticBatchRoot: {fileID: 0}
  m_ProbeAnchor: {fileID: 0}
  m_LightProbeVolumeOverride: {fileID: 0}
  m_ScaleInLightmap: 1
  m_ReceiveGI: 1
  m_PreserveUVs: 0
  m_IgnoreNormalsForChartDetection: 0
  m_ImportantGI: 0
  m_StitchLightmapSeams: 1
  m_SelectedEditorRenderState: 3
  m_MinimumChartSize: 4
  m_AutoUVMaxDistance: 0.5
  m_AutoUVMaxAngle: 89
  m_LightmapParameters: {fileID: 0}
  m_SortingLayerID: 0
  m_SortingLayer: 0
  m_SortingOrder: 0
  m_AdditionalVertexStreams: {fileID: 0}
--- !u!1001 &5711337572465198886
PrefabInstance:
  m_ObjectHideFlags: 0
  serializedVersion: 2
  m_Modification:
    m_TransformParent: {fileID: 0}
    m_Modifications:
    - target: {fileID: 3265159472916603327, guid: bc5c5775e0e5ffb4fb679ce37bcfb830, type: 3}
      propertyPath: m_Name
      value: Fuel_longcylinder_explosive
      objectReference: {fileID: 0}
    - target: {fileID: 3265159472916603327, guid: bc5c5775e0e5ffb4fb679ce37bcfb830, type: 3}
      propertyPath: m_Layer
      value: 31
      objectReference: {fileID: 0}
    - target: {fileID: 4949959687624167354, guid: bc5c5775e0e5ffb4fb679ce37bcfb830, type: 3}
      propertyPath: m_RootOrder
      value: 0
      objectReference: {fileID: 0}
    - target: {fileID: 4949959687624167354, guid: bc5c5775e0e5ffb4fb679ce37bcfb830, type: 3}
      propertyPath: m_LocalScale.x
      value: 0.44135
      objectReference: {fileID: 0}
    - target: {fileID: 4949959687624167354, guid: bc5c5775e0e5ffb4fb679ce37bcfb830, type: 3}
      propertyPath: m_LocalScale.y
      value: 0.8827
      objectReference: {fileID: 0}
    - target: {fileID: 4949959687624167354, guid: bc5c5775e0e5ffb4fb679ce37bcfb830, type: 3}
      propertyPath: m_LocalScale.z
      value: 0.44135
      objectReference: {fileID: 0}
    - target: {fileID: 4949959687624167354, guid: bc5c5775e0e5ffb4fb679ce37bcfb830, type: 3}
      propertyPath: m_LocalPosition.x
      value: 21.660322
      objectReference: {fileID: 0}
    - target: {fileID: 4949959687624167354, guid: bc5c5775e0e5ffb4fb679ce37bcfb830, type: 3}
      propertyPath: m_LocalPosition.y
      value: -0.09000015
      objectReference: {fileID: 0}
    - target: {fileID: 4949959687624167354, guid: bc5c5775e0e5ffb4fb679ce37bcfb830, type: 3}
      propertyPath: m_LocalPosition.z
      value: -2.2996812
      objectReference: {fileID: 0}
    - target: {fileID: 4949959687624167354, guid: bc5c5775e0e5ffb4fb679ce37bcfb830, type: 3}
      propertyPath: m_LocalRotation.w
      value: 0.70710677
      objectReference: {fileID: 0}
    - target: {fileID: 4949959687624167354, guid: bc5c5775e0e5ffb4fb679ce37bcfb830, type: 3}
      propertyPath: m_LocalRotation.x
      value: -0.70710677
      objectReference: {fileID: 0}
    - target: {fileID: 4949959687624167354, guid: bc5c5775e0e5ffb4fb679ce37bcfb830, type: 3}
      propertyPath: m_LocalRotation.y
      value: 0
      objectReference: {fileID: 0}
    - target: {fileID: 4949959687624167354, guid: bc5c5775e0e5ffb4fb679ce37bcfb830, type: 3}
      propertyPath: m_LocalRotation.z
      value: 0
      objectReference: {fileID: 0}
    - target: {fileID: 4949959687624167354, guid: bc5c5775e0e5ffb4fb679ce37bcfb830, type: 3}
      propertyPath: m_LocalEulerAnglesHint.x
      value: -90
      objectReference: {fileID: 0}
    - target: {fileID: 4949959687624167354, guid: bc5c5775e0e5ffb4fb679ce37bcfb830, type: 3}
      propertyPath: m_LocalEulerAnglesHint.y
      value: 90
      objectReference: {fileID: 0}
    - target: {fileID: 4949959687624167354, guid: bc5c5775e0e5ffb4fb679ce37bcfb830, type: 3}
      propertyPath: m_LocalEulerAnglesHint.z
      value: -90
      objectReference: {fileID: 0}
    m_RemovedComponents: []
  m_SourcePrefab: {fileID: 100100000, guid: bc5c5775e0e5ffb4fb679ce37bcfb830, type: 3}
--- !u!1 &7066871837997885081 stripped
GameObject:
  m_CorrespondingSourceObject: {fileID: 3265159472916603327, guid: bc5c5775e0e5ffb4fb679ce37bcfb830, type: 3}
  m_PrefabInstance: {fileID: 5711337572465198886}
  m_PrefabAsset: {fileID: 0}
--- !u!4 &861161005688211612 stripped
Transform:
  m_CorrespondingSourceObject: {fileID: 4949959687624167354, guid: bc5c5775e0e5ffb4fb679ce37bcfb830, type: 3}
  m_PrefabInstance: {fileID: 5711337572465198886}
  m_PrefabAsset: {fileID: 0}
