%YAML 1.1
%TAG !u! tag:unity3d.com,2011:
--- !u!54 &38461849169960361
Rigidbody:
  m_ObjectHideFlags: 0
  m_CorrespondingSourceObject: {fileID: 0}
  m_PrefabInstance: {fileID: 0}
  m_PrefabAsset: {fileID: 0}
  m_GameObject: {fileID: 7643327242685145567}
  serializedVersion: 2
  m_Mass: 1
  m_Drag: 0
  m_AngularDrag: 0.05
  m_UseGravity: 1
  m_IsKinematic: 0
  m_Interpolate: 0
  m_Constraints: 0
  m_CollisionDetection: 3
--- !u!114 &-3988916743106507682
MonoBehaviour:
  m_ObjectHideFlags: 0
  m_CorrespondingSourceObject: {fileID: 0}
  m_PrefabInstance: {fileID: 0}
  m_PrefabAsset: {fileID: 0}
  m_GameObject: {fileID: 7643327242685145567}
  m_Enabled: 1
  m_EditorHideFlags: 0
  m_Script: {fileID: 11500000, guid: 091c57d3cdca41668e74765fba40e675, type: 3}
  m_Name: 
  m_EditorClassIdentifier: 
  outlineMode: 0
  outlineColor: {r: 1, g: 0.4745098, b: 0, a: 1}
  outlineWidth: 10
  isHooked: 0
--- !u!114 &-2325602788764920000
MonoBehaviour:
  m_ObjectHideFlags: 0
  m_CorrespondingSourceObject: {fileID: 0}
  m_PrefabInstance: {fileID: 0}
  m_PrefabAsset: {fileID: 0}
  m_GameObject: {fileID: 7643327242685145567}
  m_Enabled: 1
  m_EditorHideFlags: 0
  m_Script: {fileID: 11500000, guid: 849b94c393b544da95504befa110fa87, type: 3}
  m_Name: 
  m_EditorClassIdentifier: 
  selfDestructTime: 20
  timeItStartsBlinking: 0
  floorLayerMask:
    serializedVersion: 2
    m_Bits: 65536
--- !u!114 &2660204770622803380
MonoBehaviour:
  m_ObjectHideFlags: 0
  m_CorrespondingSourceObject: {fileID: 0}
  m_PrefabInstance: {fileID: 0}
  m_PrefabAsset: {fileID: 0}
  m_GameObject: {fileID: 7643327242685145567}
  m_Enabled: 1
  m_EditorHideFlags: 0
  m_Script: {fileID: 11500000, guid: 5e20dafe6c4b9d04bbbe4678eb1d4c11, type: 3}
  m_Name: 
  m_EditorClassIdentifier: 
--- !u!114 &4605800894624274051
MonoBehaviour:
  m_ObjectHideFlags: 0
  m_CorrespondingSourceObject: {fileID: 0}
  m_PrefabInstance: {fileID: 0}
  m_PrefabAsset: {fileID: 0}
  m_GameObject: {fileID: 7643327242685145567}
  m_Enabled: 1
  m_EditorHideFlags: 0
  m_Script: {fileID: 11500000, guid: 9a6610d2e704f1648819acc8d7460285, type: 3}
  m_Name: 
  m_EditorClassIdentifier: 
  CollisionTag: 
  Event: event:/Sound Effects/Heavy Metal
  PlayEvent: 7
  StopEvent: 0
  AllowFadeout: 1
  TriggerOnce: 0
  Preload: 0
  Params: []
  OverrideAttenuation: 0
  OverrideMinDistance: 1
  OverrideMaxDistance: 10000
--- !u!114 &4608761531228404426
MonoBehaviour:
  m_ObjectHideFlags: 0
  m_CorrespondingSourceObject: {fileID: 0}
  m_PrefabInstance: {fileID: 0}
  m_PrefabAsset: {fileID: 0}
  m_GameObject: {fileID: 7643327242685145567}
  m_Enabled: 1
  m_EditorHideFlags: 0
  m_Script: {fileID: 11500000, guid: c59e44a271f74de4a8ab904c09908e85, type: 3}
  m_Name: 
  m_EditorClassIdentifier: 
  boxRotation: {x: 0, y: 0, z: 0}
--- !u!114 &5689441850042141303
MonoBehaviour:
  m_ObjectHideFlags: 0
  m_CorrespondingSourceObject: {fileID: 0}
  m_PrefabInstance: {fileID: 0}
  m_PrefabAsset: {fileID: 0}
  m_GameObject: {fileID: 7643327242685145567}
  m_Enabled: 1
  m_EditorHideFlags: 0
  m_Script: {fileID: 11500000, guid: a47bac80a21a18b4b91b990df1cb4e7a, type: 3}
  m_Name: 
  m_EditorClassIdentifier: 
--- !u!1 &7873015942905133505
GameObject:
  m_ObjectHideFlags: 0
  m_CorrespondingSourceObject: {fileID: 0}
  m_PrefabInstance: {fileID: 0}
  m_PrefabAsset: {fileID: 0}
  serializedVersion: 6
  m_Component:
  - component: {fileID: 635112331150023631}
  - component: {fileID: 2523082356792310105}
  - component: {fileID: 1515795384846379538}
  m_Layer: 0
  m_Name: Turbine_part Variant(Clone)
  m_TagString: Untagged
  m_Icon: {fileID: 0}
  m_NavMeshLayer: 0
  m_StaticEditorFlags: 0
  m_IsActive: 1
--- !u!4 &635112331150023631
Transform:
  m_ObjectHideFlags: 0
  m_CorrespondingSourceObject: {fileID: 0}
  m_PrefabInstance: {fileID: 0}
  m_PrefabAsset: {fileID: 0}
  m_GameObject: {fileID: 7873015942905133505}
  m_LocalRotation: {x: 0, y: 0, z: 0, w: 1}
  m_LocalPosition: {x: 0, y: 0, z: 0}
  m_LocalScale: {x: 0.20799999, y: 0.41599998, z: 0.20799999}
  m_Children: []
  m_Father: {fileID: 7014740205171129189}
  m_RootOrder: 0
  m_LocalEulerAnglesHint: {x: 0, y: 0, z: 0}
--- !u!33 &2523082356792310105
MeshFilter:
  m_ObjectHideFlags: 0
  m_CorrespondingSourceObject: {fileID: 0}
  m_PrefabInstance: {fileID: 0}
  m_PrefabAsset: {fileID: 0}
  m_GameObject: {fileID: 7873015942905133505}
  m_Mesh: {fileID: -425613315552760671, guid: 329de0d03dea686428af9525a14bbd2c, type: 3}
--- !u!23 &1515795384846379538
MeshRenderer:
  m_ObjectHideFlags: 0
  m_CorrespondingSourceObject: {fileID: 0}
  m_PrefabInstance: {fileID: 0}
  m_PrefabAsset: {fileID: 0}
  m_GameObject: {fileID: 7873015942905133505}
  m_Enabled: 1
  m_CastShadows: 1
  m_ReceiveShadows: 1
  m_DynamicOccludee: 1
  m_MotionVectors: 1
  m_LightProbeUsage: 1
  m_ReflectionProbeUsage: 1
  m_RayTracingMode: 2
  m_RayTraceProcedural: 0
  m_RenderingLayerMask: 1
  m_RendererPriority: 0
  m_Materials:
  - {fileID: 2100000, guid: ff10f37dffe1edf45bf97832406026fa, type: 2}
  m_StaticBatchInfo:
    firstSubMesh: 0
    subMeshCount: 0
  m_StaticBatchRoot: {fileID: 0}
  m_ProbeAnchor: {fileID: 0}
  m_LightProbeVolumeOverride: {fileID: 0}
  m_ScaleInLightmap: 1
  m_ReceiveGI: 1
  m_PreserveUVs: 0
  m_IgnoreNormalsForChartDetection: 0
  m_ImportantGI: 0
  m_StitchLightmapSeams: 1
  m_SelectedEditorRenderState: 3
  m_MinimumChartSize: 4
  m_AutoUVMaxDistance: 0.5
  m_AutoUVMaxAngle: 89
  m_LightmapParameters: {fileID: 0}
  m_SortingLayerID: 0
  m_SortingLayer: 0
  m_SortingOrder: 0
  m_AdditionalVertexStreams: {fileID: 0}
--- !u!1001 &863440833644803816
PrefabInstance:
  m_ObjectHideFlags: 0
  serializedVersion: 2
  m_Modification:
    m_TransformParent: {fileID: 0}
    m_Modifications:
    - target: {fileID: 7055174125041964855, guid: 1bb9d604750470a45866302786e9e576, type: 3}
      propertyPath: m_Name
      value: Mech_flatcylinder
      objectReference: {fileID: 0}
    - target: {fileID: 7055174125041964855, guid: 1bb9d604750470a45866302786e9e576, type: 3}
      propertyPath: m_Layer
      value: 31
      objectReference: {fileID: 0}
    - target: {fileID: 7683936804639542669, guid: 1bb9d604750470a45866302786e9e576, type: 3}
      propertyPath: m_RootOrder
      value: 0
      objectReference: {fileID: 0}
    - target: {fileID: 7683936804639542669, guid: 1bb9d604750470a45866302786e9e576, type: 3}
      propertyPath: m_LocalScale.x
      value: 0.96
      objectReference: {fileID: 0}
    - target: {fileID: 7683936804639542669, guid: 1bb9d604750470a45866302786e9e576, type: 3}
      propertyPath: m_LocalScale.y
      value: 0.48
      objectReference: {fileID: 0}
    - target: {fileID: 7683936804639542669, guid: 1bb9d604750470a45866302786e9e576, type: 3}
      propertyPath: m_LocalScale.z
      value: 0.96
      objectReference: {fileID: 0}
    - target: {fileID: 7683936804639542669, guid: 1bb9d604750470a45866302786e9e576, type: 3}
      propertyPath: m_LocalPosition.x
      value: 9.65
      objectReference: {fileID: 0}
    - target: {fileID: 7683936804639542669, guid: 1bb9d604750470a45866302786e9e576, type: 3}
      propertyPath: m_LocalPosition.y
      value: -0.09000039
      objectReference: {fileID: 0}
    - target: {fileID: 7683936804639542669, guid: 1bb9d604750470a45866302786e9e576, type: 3}
      propertyPath: m_LocalPosition.z
      value: -3.4848757
      objectReference: {fileID: 0}
    - target: {fileID: 7683936804639542669, guid: 1bb9d604750470a45866302786e9e576, type: 3}
      propertyPath: m_LocalRotation.w
      value: 1
      objectReference: {fileID: 0}
    - target: {fileID: 7683936804639542669, guid: 1bb9d604750470a45866302786e9e576, type: 3}
      propertyPath: m_LocalRotation.x
      value: 0
      objectReference: {fileID: 0}
    - target: {fileID: 7683936804639542669, guid: 1bb9d604750470a45866302786e9e576, type: 3}
      propertyPath: m_LocalRotation.y
      value: 0
      objectReference: {fileID: 0}
    - target: {fileID: 7683936804639542669, guid: 1bb9d604750470a45866302786e9e576, type: 3}
      propertyPath: m_LocalRotation.z
      value: 0
      objectReference: {fileID: 0}
    - target: {fileID: 7683936804639542669, guid: 1bb9d604750470a45866302786e9e576, type: 3}
      propertyPath: m_LocalEulerAnglesHint.x
      value: 0
      objectReference: {fileID: 0}
    - target: {fileID: 7683936804639542669, guid: 1bb9d604750470a45866302786e9e576, type: 3}
      propertyPath: m_LocalEulerAnglesHint.y
      value: 0
      objectReference: {fileID: 0}
    - target: {fileID: 7683936804639542669, guid: 1bb9d604750470a45866302786e9e576, type: 3}
      propertyPath: m_LocalEulerAnglesHint.z
      value: 0
      objectReference: {fileID: 0}
    m_RemovedComponents: []
  m_SourcePrefab: {fileID: 100100000, guid: 1bb9d604750470a45866302786e9e576, type: 3}
--- !u!1 &7643327242685145567 stripped
GameObject:
  m_CorrespondingSourceObject: {fileID: 7055174125041964855, guid: 1bb9d604750470a45866302786e9e576, type: 3}
  m_PrefabInstance: {fileID: 863440833644803816}
  m_PrefabAsset: {fileID: 0}
--- !u!4 &7014740205171129189 stripped
Transform:
  m_CorrespondingSourceObject: {fileID: 7683936804639542669, guid: 1bb9d604750470a45866302786e9e576, type: 3}
  m_PrefabInstance: {fileID: 863440833644803816}
  m_PrefabAsset: {fileID: 0}
