%YAML 1.1
%TAG !u! tag:unity3d.com,2011:
--- !u!54 &7771319374705132736
Rigidbody:
  m_ObjectHideFlags: 0
  m_CorrespondingSourceObject: {fileID: 0}
  m_PrefabInstance: {fileID: 0}
  m_PrefabAsset: {fileID: 0}
  m_GameObject: {fileID: 1432618728735355485}
  serializedVersion: 2
  m_Mass: 1
  m_Drag: 0
  m_AngularDrag: 0.05
  m_UseGravity: 1
  m_IsKinematic: 0
  m_Interpolate: 0
  m_Constraints: 0
  m_CollisionDetection: 3
--- !u!114 &-5457711712009181851
MonoBehaviour:
  m_ObjectHideFlags: 0
  m_CorrespondingSourceObject: {fileID: 0}
  m_PrefabInstance: {fileID: 0}
  m_PrefabAsset: {fileID: 0}
  m_GameObject: {fileID: 1432618728735355485}
  m_Enabled: 1
  m_EditorHideFlags: 0
  m_Script: {fileID: 11500000, guid: 091c57d3cdca41668e74765fba40e675, type: 3}
  m_Name: 
  m_EditorClassIdentifier: 
  outlineMode: 0
  outlineColor: {r: 1, g: 0.4745098, b: 0, a: 1}
  outlineWidth: 10
  isHooked: 0
--- !u!114 &-2851673017612154808
MonoBehaviour:
  m_ObjectHideFlags: 0
  m_CorrespondingSourceObject: {fileID: 0}
  m_PrefabInstance: {fileID: 0}
  m_PrefabAsset: {fileID: 0}
  m_GameObject: {fileID: 1432618728735355485}
  m_Enabled: 1
  m_EditorHideFlags: 0
  m_Script: {fileID: 11500000, guid: 849b94c393b544da95504befa110fa87, type: 3}
  m_Name: 
  m_EditorClassIdentifier: 
  selfDestructTime: 20
  timeItStartsBlinking: 0
  floorLayerMask:
    serializedVersion: 2
    m_Bits: 65536
--- !u!114 &456679859134420385
MonoBehaviour:
  m_ObjectHideFlags: 0
  m_CorrespondingSourceObject: {fileID: 0}
  m_PrefabInstance: {fileID: 0}
  m_PrefabAsset: {fileID: 0}
  m_GameObject: {fileID: 1432618728735355485}
  m_Enabled: 1
  m_EditorHideFlags: 0
  m_Script: {fileID: 11500000, guid: 5e20dafe6c4b9d04bbbe4678eb1d4c11, type: 3}
  m_Name: 
  m_EditorClassIdentifier: 
--- !u!114 &1233308692128412331
MonoBehaviour:
  m_ObjectHideFlags: 0
  m_CorrespondingSourceObject: {fileID: 0}
  m_PrefabInstance: {fileID: 0}
  m_PrefabAsset: {fileID: 0}
  m_GameObject: {fileID: 1432618728735355485}
  m_Enabled: 1
  m_EditorHideFlags: 0
  m_Script: {fileID: 11500000, guid: c59e44a271f74de4a8ab904c09908e85, type: 3}
  m_Name: 
  m_EditorClassIdentifier: 
  boxRotation: {x: 90, y: 0, z: 0}
--- !u!114 &4356320033983335863
MonoBehaviour:
  m_ObjectHideFlags: 0
  m_CorrespondingSourceObject: {fileID: 0}
  m_PrefabInstance: {fileID: 0}
  m_PrefabAsset: {fileID: 0}
  m_GameObject: {fileID: 1432618728735355485}
  m_Enabled: 1
  m_EditorHideFlags: 0
  m_Script: {fileID: 11500000, guid: 9a6610d2e704f1648819acc8d7460285, type: 3}
  m_Name: 
  m_EditorClassIdentifier: 
  CollisionTag: 
  Event: event:/Sound Effects/Flat Metal With Plastic
  PlayEvent: 7
  StopEvent: 0
  AllowFadeout: 1
  TriggerOnce: 0
  Preload: 0
  Params: []
  OverrideAttenuation: 0
  OverrideMinDistance: 1
  OverrideMaxDistance: 10000
--- !u!114 &4574230324239794352
MonoBehaviour:
  m_ObjectHideFlags: 0
  m_CorrespondingSourceObject: {fileID: 0}
  m_PrefabInstance: {fileID: 0}
  m_PrefabAsset: {fileID: 0}
  m_GameObject: {fileID: 1432618728735355485}
  m_Enabled: 1
  m_EditorHideFlags: 0
  m_Script: {fileID: 11500000, guid: a47bac80a21a18b4b91b990df1cb4e7a, type: 3}
  m_Name: 
  m_EditorClassIdentifier: 
--- !u!1 &8544932918212097316
GameObject:
  m_ObjectHideFlags: 0
  m_CorrespondingSourceObject: {fileID: 0}
  m_PrefabInstance: {fileID: 0}
  m_PrefabAsset: {fileID: 0}
  serializedVersion: 6
  m_Component:
  - component: {fileID: 7416880497705494949}
  - component: {fileID: 8400668445073136402}
  - component: {fileID: 2773780549071759581}
  m_Layer: 0
  m_Name: Mechanical part_Rotor Variant(Clone)
  m_TagString: Untagged
  m_Icon: {fileID: 0}
  m_NavMeshLayer: 0
  m_StaticEditorFlags: 0
  m_IsActive: 1
--- !u!4 &7416880497705494949
Transform:
  m_ObjectHideFlags: 0
  m_CorrespondingSourceObject: {fileID: 0}
  m_PrefabInstance: {fileID: 0}
  m_PrefabAsset: {fileID: 0}
  m_GameObject: {fileID: 8544932918212097316}
  m_LocalRotation: {x: 0, y: 0, z: 0, w: 1}
  m_LocalPosition: {x: 0, y: 1.1271, z: 0.00000032969}
  m_LocalScale: {x: 0.474012, y: -0.23235889, z: 0.474012}
  m_Children: []
  m_Father: {fileID: 8791105659739446360}
  m_RootOrder: 0
  m_LocalEulerAnglesHint: {x: 0, y: 0, z: 0}
--- !u!33 &8400668445073136402
MeshFilter:
  m_ObjectHideFlags: 0
  m_CorrespondingSourceObject: {fileID: 0}
  m_PrefabInstance: {fileID: 0}
  m_PrefabAsset: {fileID: 0}
  m_GameObject: {fileID: 8544932918212097316}
  m_Mesh: {fileID: -7843526606762953986, guid: 7e0854ec49206e748a1585f7eb3d4bd0, type: 3}
--- !u!23 &2773780549071759581
MeshRenderer:
  m_ObjectHideFlags: 0
  m_CorrespondingSourceObject: {fileID: 0}
  m_PrefabInstance: {fileID: 0}
  m_PrefabAsset: {fileID: 0}
  m_GameObject: {fileID: 8544932918212097316}
  m_Enabled: 1
  m_CastShadows: 1
  m_ReceiveShadows: 1
  m_DynamicOccludee: 1
  m_MotionVectors: 1
  m_LightProbeUsage: 1
  m_ReflectionProbeUsage: 1
  m_RayTracingMode: 2
  m_RayTraceProcedural: 0
  m_RenderingLayerMask: 1
  m_RendererPriority: 0
  m_Materials:
  - {fileID: 2100000, guid: 910434b0a0785604d947982ba56774b9, type: 2}
  m_StaticBatchInfo:
    firstSubMesh: 0
    subMeshCount: 0
  m_StaticBatchRoot: {fileID: 0}
  m_ProbeAnchor: {fileID: 0}
  m_LightProbeVolumeOverride: {fileID: 0}
  m_ScaleInLightmap: 1
  m_ReceiveGI: 1
  m_PreserveUVs: 0
  m_IgnoreNormalsForChartDetection: 0
  m_ImportantGI: 0
  m_StitchLightmapSeams: 1
  m_SelectedEditorRenderState: 3
  m_MinimumChartSize: 4
  m_AutoUVMaxDistance: 0.5
  m_AutoUVMaxAngle: 89
  m_LightmapParameters: {fileID: 0}
  m_SortingLayerID: 0
  m_SortingLayer: 0
  m_SortingOrder: 0
  m_AdditionalVertexStreams: {fileID: 0}
--- !u!1001 &4517534945365038050
PrefabInstance:
  m_ObjectHideFlags: 0
  serializedVersion: 2
  m_Modification:
    m_TransformParent: {fileID: 0}
    m_Modifications:
    - target: {fileID: 3265159472916603327, guid: bc5c5775e0e5ffb4fb679ce37bcfb830, type: 3}
      propertyPath: m_Name
      value: Mech_longcylinder
      objectReference: {fileID: 0}
    - target: {fileID: 3265159472916603327, guid: bc5c5775e0e5ffb4fb679ce37bcfb830, type: 3}
      propertyPath: m_Layer
      value: 31
      objectReference: {fileID: 0}
    - target: {fileID: 4949959687624167354, guid: bc5c5775e0e5ffb4fb679ce37bcfb830, type: 3}
      propertyPath: m_RootOrder
      value: 0
      objectReference: {fileID: 0}
    - target: {fileID: 4949959687624167354, guid: bc5c5775e0e5ffb4fb679ce37bcfb830, type: 3}
      propertyPath: m_LocalScale.x
      value: 0.43491632
      objectReference: {fileID: 0}
    - target: {fileID: 4949959687624167354, guid: bc5c5775e0e5ffb4fb679ce37bcfb830, type: 3}
      propertyPath: m_LocalScale.y
      value: 0.86983263
      objectReference: {fileID: 0}
    - target: {fileID: 4949959687624167354, guid: bc5c5775e0e5ffb4fb679ce37bcfb830, type: 3}
      propertyPath: m_LocalScale.z
      value: 0.43491632
      objectReference: {fileID: 0}
    - target: {fileID: 4949959687624167354, guid: bc5c5775e0e5ffb4fb679ce37bcfb830, type: 3}
      propertyPath: m_LocalPosition.x
      value: 12.311656
      objectReference: {fileID: 0}
    - target: {fileID: 4949959687624167354, guid: bc5c5775e0e5ffb4fb679ce37bcfb830, type: 3}
      propertyPath: m_LocalPosition.y
      value: -0.09000015
      objectReference: {fileID: 0}
    - target: {fileID: 4949959687624167354, guid: bc5c5775e0e5ffb4fb679ce37bcfb830, type: 3}
      propertyPath: m_LocalPosition.z
      value: -3.367042
      objectReference: {fileID: 0}
    - target: {fileID: 4949959687624167354, guid: bc5c5775e0e5ffb4fb679ce37bcfb830, type: 3}
      propertyPath: m_LocalRotation.w
      value: 0.7071068
      objectReference: {fileID: 0}
    - target: {fileID: 4949959687624167354, guid: bc5c5775e0e5ffb4fb679ce37bcfb830, type: 3}
      propertyPath: m_LocalRotation.x
      value: 0.7071068
      objectReference: {fileID: 0}
    - target: {fileID: 4949959687624167354, guid: bc5c5775e0e5ffb4fb679ce37bcfb830, type: 3}
      propertyPath: m_LocalRotation.y
      value: 0
      objectReference: {fileID: 0}
    - target: {fileID: 4949959687624167354, guid: bc5c5775e0e5ffb4fb679ce37bcfb830, type: 3}
      propertyPath: m_LocalRotation.z
      value: 0
      objectReference: {fileID: 0}
    - target: {fileID: 4949959687624167354, guid: bc5c5775e0e5ffb4fb679ce37bcfb830, type: 3}
      propertyPath: m_LocalEulerAnglesHint.x
      value: 90
      objectReference: {fileID: 0}
    - target: {fileID: 4949959687624167354, guid: bc5c5775e0e5ffb4fb679ce37bcfb830, type: 3}
      propertyPath: m_LocalEulerAnglesHint.y
      value: 0
      objectReference: {fileID: 0}
    - target: {fileID: 4949959687624167354, guid: bc5c5775e0e5ffb4fb679ce37bcfb830, type: 3}
      propertyPath: m_LocalEulerAnglesHint.z
      value: 0
      objectReference: {fileID: 0}
    m_RemovedComponents: []
  m_SourcePrefab: {fileID: 100100000, guid: bc5c5775e0e5ffb4fb679ce37bcfb830, type: 3}
--- !u!1 &1432618728735355485 stripped
GameObject:
  m_CorrespondingSourceObject: {fileID: 3265159472916603327, guid: bc5c5775e0e5ffb4fb679ce37bcfb830, type: 3}
  m_PrefabInstance: {fileID: 4517534945365038050}
  m_PrefabAsset: {fileID: 0}
--- !u!4 &8791105659739446360 stripped
Transform:
  m_CorrespondingSourceObject: {fileID: 4949959687624167354, guid: bc5c5775e0e5ffb4fb679ce37bcfb830, type: 3}
  m_PrefabInstance: {fileID: 4517534945365038050}
  m_PrefabAsset: {fileID: 0}
