%YAML 1.1
%TAG !u! tag:unity3d.com,2011:
--- !u!54 &4346342075318146333
Rigidbody:
  m_ObjectHideFlags: 0
  m_CorrespondingSourceObject: {fileID: 0}
  m_PrefabInstance: {fileID: 0}
  m_PrefabAsset: {fileID: 0}
  m_GameObject: {fileID: 3857272525707570473}
  serializedVersion: 2
  m_Mass: 1
  m_Drag: 0
  m_AngularDrag: 0.05
  m_UseGravity: 1
  m_IsKinematic: 0
  m_Interpolate: 0
  m_Constraints: 0
  m_CollisionDetection: 3
--- !u!114 &-7474247689127424358
MonoBehaviour:
  m_ObjectHideFlags: 0
  m_CorrespondingSourceObject: {fileID: 0}
  m_PrefabInstance: {fileID: 0}
  m_PrefabAsset: {fileID: 0}
  m_GameObject: {fileID: 3857272525707570473}
  m_Enabled: 1
  m_EditorHideFlags: 0
  m_Script: {fileID: 11500000, guid: 849b94c393b544da95504befa110fa87, type: 3}
  m_Name: 
  m_EditorClassIdentifier: 
  selfDestructTime: 20
  timeItStartsBlinking: 0
  floorLayerMask:
    serializedVersion: 2
    m_Bits: 65536
--- !u!114 &-2749934324664032318
MonoBehaviour:
  m_ObjectHideFlags: 0
  m_CorrespondingSourceObject: {fileID: 0}
  m_PrefabInstance: {fileID: 0}
  m_PrefabAsset: {fileID: 0}
  m_GameObject: {fileID: 3857272525707570473}
  m_Enabled: 1
  m_EditorHideFlags: 0
  m_Script: {fileID: 11500000, guid: 091c57d3cdca41668e74765fba40e675, type: 3}
  m_Name: 
  m_EditorClassIdentifier: 
  outlineMode: 0
  outlineColor: {r: 0.1254902, g: 0.73333335, b: 0.98039216, a: 1}
  outlineWidth: 10
  isHooked: 0
--- !u!114 &269404323517494361
MonoBehaviour:
  m_ObjectHideFlags: 0
  m_CorrespondingSourceObject: {fileID: 0}
  m_PrefabInstance: {fileID: 0}
  m_PrefabAsset: {fileID: 0}
  m_GameObject: {fileID: 3857272525707570473}
  m_Enabled: 1
  m_EditorHideFlags: 0
  m_Script: {fileID: 11500000, guid: 9a6610d2e704f1648819acc8d7460285, type: 3}
  m_Name: 
  m_EditorClassIdentifier: 
  CollisionTag: 
  Event: event:/Sound Effects/Flat Metal With Plastic
  PlayEvent: 7
  StopEvent: 0
  AllowFadeout: 1
  TriggerOnce: 0
  Preload: 0
  Params: []
  OverrideAttenuation: 0
  OverrideMinDistance: 1
  OverrideMaxDistance: 10000
--- !u!114 &3283785322279914883
MonoBehaviour:
  m_ObjectHideFlags: 0
  m_CorrespondingSourceObject: {fileID: 0}
  m_PrefabInstance: {fileID: 0}
  m_PrefabAsset: {fileID: 0}
  m_GameObject: {fileID: 3857272525707570473}
  m_Enabled: 1
  m_EditorHideFlags: 0
  m_Script: {fileID: 11500000, guid: a47bac80a21a18b4b91b990df1cb4e7a, type: 3}
  m_Name: 
  m_EditorClassIdentifier: 
--- !u!114 &3733805202453342496
MonoBehaviour:
  m_ObjectHideFlags: 0
  m_CorrespondingSourceObject: {fileID: 0}
  m_PrefabInstance: {fileID: 0}
  m_PrefabAsset: {fileID: 0}
  m_GameObject: {fileID: 3857272525707570473}
  m_Enabled: 1
  m_EditorHideFlags: 0
  m_Script: {fileID: 11500000, guid: c59e44a271f74de4a8ab904c09908e85, type: 3}
  m_Name: 
  m_EditorClassIdentifier: 
  boxRotation: {x: 0, y: 0, z: 0}
--- !u!114 &8900385635377558145
MonoBehaviour:
  m_ObjectHideFlags: 0
  m_CorrespondingSourceObject: {fileID: 0}
  m_PrefabInstance: {fileID: 0}
  m_PrefabAsset: {fileID: 0}
  m_GameObject: {fileID: 3857272525707570473}
  m_Enabled: 1
  m_EditorHideFlags: 0
  m_Script: {fileID: 11500000, guid: 5e20dafe6c4b9d04bbbe4678eb1d4c11, type: 3}
  m_Name: 
  m_EditorClassIdentifier: 
--- !u!1001 &6941266517550082386
PrefabInstance:
  m_ObjectHideFlags: 0
  serializedVersion: 2
  m_Modification:
    m_TransformParent: {fileID: 0}
    m_Modifications:
    - target: {fileID: 1717188373858892644, guid: 86e20a19713f6f947adc687c74cb7313, type: 3}
      propertyPath: m_Size.x
      value: 4.59033
      objectReference: {fileID: 0}
    - target: {fileID: 1717188373858892644, guid: 86e20a19713f6f947adc687c74cb7313, type: 3}
      propertyPath: m_Size.y
      value: 4.76013
      objectReference: {fileID: 0}
    - target: {fileID: 1717188373858892644, guid: 86e20a19713f6f947adc687c74cb7313, type: 3}
      propertyPath: m_Size.z
      value: 4.1931915
      objectReference: {fileID: 0}
    - target: {fileID: 1717188373858892644, guid: 86e20a19713f6f947adc687c74cb7313, type: 3}
      propertyPath: m_Center.x
      value: 0.011181831
      objectReference: {fileID: 0}
    - target: {fileID: 1717188373858892644, guid: 86e20a19713f6f947adc687c74cb7313, type: 3}
      propertyPath: m_Center.y
      value: 2.494565
      objectReference: {fileID: 0}
    - target: {fileID: 1717188373858892644, guid: 86e20a19713f6f947adc687c74cb7313, type: 3}
      propertyPath: m_Center.z
      value: 0.049886703
      objectReference: {fileID: 0}
    - target: {fileID: 6184460384159581307, guid: 86e20a19713f6f947adc687c74cb7313, type: 3}
      propertyPath: m_Name
      value: Medic_cube
      objectReference: {fileID: 0}
    - target: {fileID: 6184460384159581307, guid: 86e20a19713f6f947adc687c74cb7313, type: 3}
      propertyPath: m_Layer
      value: 31
      objectReference: {fileID: 0}
    - target: {fileID: 8754633781173544167, guid: 86e20a19713f6f947adc687c74cb7313, type: 3}
      propertyPath: m_RootOrder
      value: 0
      objectReference: {fileID: 0}
    - target: {fileID: 8754633781173544167, guid: 86e20a19713f6f947adc687c74cb7313, type: 3}
      propertyPath: m_LocalScale.x
      value: 0.2
      objectReference: {fileID: 0}
    - target: {fileID: 8754633781173544167, guid: 86e20a19713f6f947adc687c74cb7313, type: 3}
      propertyPath: m_LocalScale.y
      value: 0.2
      objectReference: {fileID: 0}
    - target: {fileID: 8754633781173544167, guid: 86e20a19713f6f947adc687c74cb7313, type: 3}
      propertyPath: m_LocalScale.z
      value: 0.2
      objectReference: {fileID: 0}
    - target: {fileID: 8754633781173544167, guid: 86e20a19713f6f947adc687c74cb7313, type: 3}
      propertyPath: m_LocalPosition.x
      value: 1.76
      objectReference: {fileID: 0}
    - target: {fileID: 8754633781173544167, guid: 86e20a19713f6f947adc687c74cb7313, type: 3}
      propertyPath: m_LocalPosition.y
      value: 0.776
      objectReference: {fileID: 0}
    - target: {fileID: 8754633781173544167, guid: 86e20a19713f6f947adc687c74cb7313, type: 3}
      propertyPath: m_LocalPosition.z
      value: -30.39
      objectReference: {fileID: 0}
    - target: {fileID: 8754633781173544167, guid: 86e20a19713f6f947adc687c74cb7313, type: 3}
      propertyPath: m_LocalRotation.w
      value: 1
      objectReference: {fileID: 0}
    - target: {fileID: 8754633781173544167, guid: 86e20a19713f6f947adc687c74cb7313, type: 3}
      propertyPath: m_LocalRotation.x
      value: 0
      objectReference: {fileID: 0}
    - target: {fileID: 8754633781173544167, guid: 86e20a19713f6f947adc687c74cb7313, type: 3}
      propertyPath: m_LocalRotation.y
      value: 0
      objectReference: {fileID: 0}
    - target: {fileID: 8754633781173544167, guid: 86e20a19713f6f947adc687c74cb7313, type: 3}
      propertyPath: m_LocalRotation.z
      value: 0
      objectReference: {fileID: 0}
    - target: {fileID: 8754633781173544167, guid: 86e20a19713f6f947adc687c74cb7313, type: 3}
      propertyPath: m_LocalEulerAnglesHint.x
      value: 0
      objectReference: {fileID: 0}
    - target: {fileID: 8754633781173544167, guid: 86e20a19713f6f947adc687c74cb7313, type: 3}
      propertyPath: m_LocalEulerAnglesHint.y
      value: 0
      objectReference: {fileID: 0}
    - target: {fileID: 8754633781173544167, guid: 86e20a19713f6f947adc687c74cb7313, type: 3}
      propertyPath: m_LocalEulerAnglesHint.z
      value: 0
      objectReference: {fileID: 0}
    m_RemovedComponents: []
  m_SourcePrefab: {fileID: 100100000, guid: 86e20a19713f6f947adc687c74cb7313, type: 3}
--- !u!1 &3857272525707570473 stripped
GameObject:
  m_CorrespondingSourceObject: {fileID: 6184460384159581307, guid: 86e20a19713f6f947adc687c74cb7313, type: 3}
  m_PrefabInstance: {fileID: 6941266517550082386}
  m_PrefabAsset: {fileID: 0}
--- !u!4 &1813508181651443125 stripped
Transform:
  m_CorrespondingSourceObject: {fileID: 8754633781173544167, guid: 86e20a19713f6f947adc687c74cb7313, type: 3}
  m_PrefabInstance: {fileID: 6941266517550082386}
  m_PrefabAsset: {fileID: 0}
--- !u!1001 &7299933813498653929
PrefabInstance:
  m_ObjectHideFlags: 0
  serializedVersion: 2
  m_Modification:
    m_TransformParent: {fileID: 1813508181651443125}
    m_Modifications:
    - target: {fileID: 1467723661556379781, guid: 11c094f901318ae4f813fd1d6085114a, type: 3}
      propertyPath: m_Name
      value: defibrillator Variant
      objectReference: {fileID: 0}
    - target: {fileID: 2239896811268516415, guid: 11c094f901318ae4f813fd1d6085114a, type: 3}
      propertyPath: m_RootOrder
      value: 0
      objectReference: {fileID: 0}
    - target: {fileID: 2239896811268516415, guid: 11c094f901318ae4f813fd1d6085114a, type: 3}
      propertyPath: m_LocalPosition.x
      value: 0
      objectReference: {fileID: 0}
    - target: {fileID: 2239896811268516415, guid: 11c094f901318ae4f813fd1d6085114a, type: 3}
      propertyPath: m_LocalPosition.y
      value: 2.5
      objectReference: {fileID: 0}
    - target: {fileID: 2239896811268516415, guid: 11c094f901318ae4f813fd1d6085114a, type: 3}
      propertyPath: m_LocalPosition.z
      value: 0
      objectReference: {fileID: 0}
    - target: {fileID: 2239896811268516415, guid: 11c094f901318ae4f813fd1d6085114a, type: 3}
      propertyPath: m_LocalRotation.w
      value: 1
      objectReference: {fileID: 0}
    - target: {fileID: 2239896811268516415, guid: 11c094f901318ae4f813fd1d6085114a, type: 3}
      propertyPath: m_LocalRotation.x
      value: 0
      objectReference: {fileID: 0}
    - target: {fileID: 2239896811268516415, guid: 11c094f901318ae4f813fd1d6085114a, type: 3}
      propertyPath: m_LocalRotation.y
      value: -0
      objectReference: {fileID: 0}
    - target: {fileID: 2239896811268516415, guid: 11c094f901318ae4f813fd1d6085114a, type: 3}
      propertyPath: m_LocalRotation.z
      value: -0
      objectReference: {fileID: 0}
    - target: {fileID: 2239896811268516415, guid: 11c094f901318ae4f813fd1d6085114a, type: 3}
      propertyPath: m_LocalEulerAnglesHint.x
      value: 0
      objectReference: {fileID: 0}
    - target: {fileID: 2239896811268516415, guid: 11c094f901318ae4f813fd1d6085114a, type: 3}
      propertyPath: m_LocalEulerAnglesHint.y
      value: 0
      objectReference: {fileID: 0}
    - target: {fileID: 2239896811268516415, guid: 11c094f901318ae4f813fd1d6085114a, type: 3}
      propertyPath: m_LocalEulerAnglesHint.z
      value: 0
      objectReference: {fileID: 0}
    - target: {fileID: 4669502820070016861, guid: 11c094f901318ae4f813fd1d6085114a, type: 3}
      propertyPath: m_Materials.Array.size
      value: 1
      objectReference: {fileID: 0}
    - target: {fileID: 4669502820070016861, guid: 11c094f901318ae4f813fd1d6085114a, type: 3}
      propertyPath: m_Materials.Array.data[0]
      value: 
      objectReference: {fileID: 2100000, guid: 44800237c5c2434429d2785794bb2401, type: 2}
    - target: {fileID: 4669502820070016861, guid: 11c094f901318ae4f813fd1d6085114a, type: 3}
      propertyPath: m_Materials.Array.data[1]
      value: 
      objectReference: {fileID: 0}
    m_RemovedComponents: []
  m_SourcePrefab: {fileID: 100100000, guid: 11c094f901318ae4f813fd1d6085114a, type: 3}
